<?xml version="1.0" encoding="UTF-8"?><collection xmlns="http://www.loc.gov/MARC21/slim"><record><leader>00487nam--2200157-i-4500</leader><controlfield tag="001">000000183</controlfield><controlfield tag="002">20161230</controlfield><controlfield tag="005">20161230201023</controlfield><controlfield tag="008">060222s1000------------r-----000-0-eng-d</controlfield><datafield ind1=" " ind2=" " tag="080"><subfield code="a">517.53(042)</subfield></datafield><datafield ind1=" " ind2=" " tag="100"><subfield code="a">Fuchs, W.H.J</subfield></datafield><datafield ind1=" " ind2=" " tag="245"><subfield code="a">Topics in the theory of functions of one complex variable</subfield></datafield><datafield ind1=" " ind2=" " tag="260"><subfield code="a">Princeton, New Jersey, D. Van Nostrand Company Incorporation. Vi + 193 P</subfield></datafield><datafield ind1=" " ind2=" " tag="490"><subfield code="a">Van Nostrand Mathematical Studies</subfield></datafield><datafield ind1=" " ind2=" " tag="852"><subfield code="a">28681</subfield><subfield code="c">517.53</subfield></datafield><datafield ind1=" " ind2=" " tag="CAT"><subfield code="a">Sys</subfield><subfield code="c">20080818</subfield><subfield code="h">134619</subfield></datafield></record></collection>